% for future use

@unpublished{rispro-suhaimi,
  author = {Suhaimi, Khansa Salsabila and Syauqy, Abdurraafi’ and Subki, Mohammad Salman and Trilaksono, Bambang Riyanto and Rohman, Arief Syaichu and Hadi, Yulyan Wahyu and Supeno, Handoko and Kusumawardhana, Dhimas Bintang and Husna, Dewi Nala},
  note   = {},
  title  = {Architecture and Decision-Making for Autonomous Tram Development},
  year   = {2016},
  volume = {4},
  doi    = {10.1109/ACCESS.2017.DOI},
}

@inproceedings{simulation-cantas,
  author = {Cantas, Mustafa Ridvan and Guvenc, Levent},
  year   = {2021},
  month  = {04},
  pages  = {1--6},
  title  = {Customized Co-Simulation Environment for Autonomous Driving Algorithm Development and Evaluation},
  doi    = {10.4271/2021-01-0111}
}

@article{hils-broggle,
  author  = {Brogle, Craig and Zhang, Chao and Lim, Kai Li and Bräunl, Thomas},
  journal = {IEEE Transactions on Intelligent Vehicles},
  title   = {Hardware-in-the-Loop Autonomous Driving Simulation Without Real-Time Constraints},
  year    = {2019},
  volume  = {4},
  number  = {3},
  pages   = {375-384},
  doi     = {10.1109/TIV.2019.2919457}
}

@inproceedings{simulation-kaur,
  author    = {Kaur, Prabhjot and Taghavi, Samira and Tian, Zhaofeng and Shi, Weisong},
  booktitle = {2021 Fourth International Conference on Connected and Autonomous Driving (MetroCAD)},
  title     = {A Survey on Simulators for Testing Self-Driving Cars},
  year      = {2021},
  volume    = {},
  number    = {},
  pages     = {62-70},
  doi       = {10.1109/MetroCAD51599.2021.00018}
}

@article{simulation-alghodhaifi,
  author  = {Alghodhaifi, Hesham and Lakshmanan, Sridhar},
  journal = {IEEE Access},
  title   = {Autonomous Vehicle Evaluation: A Comprehensive Survey on Modeling and Simulation Approaches},
  year    = {2021},
  volume  = {9},
  number  = {},
  pages   = {151531-151566},
  doi     = {10.1109/ACCESS.2021.3125620}
}
